2892 4950
708 396 829 457 AD
915 394 1179 460 LIBRI
1268 398 1421 461 VIII.
1511 397 1704 479 CAP.
1791 398 1956 458 XIX.
2191 404 2306 465 641

310 564 494 655 βολή.
583 566 673 627 Ita
710 576 909 626 tamen
954 568 1270 647 sequentia
1304 586 1433 626 non
1477 565 1869 626 conueniunt.
1903 552 2012 626 'In
2039 568 2226 630 Leon.
2263 582 2326 633 et

308 668 537 729 Camot.
566 678 656 727 est
686 666 797 729 τοῦ
826 665 1016 755 ἐντός.

391 774 458 829 ἐκ
489 766 613 831 τῶν
630 770 893 849 χορίων]
944 763 1156 827 versio
1186 760 1461 823 Thomae
1489 764 1730 824 locellis.
1774 762 1946 845 Legit
1973 768 2166 848 igitur
2181 793 2319 849 χω-

301 867 454 949 ρίων
481 870 601 929 scri
605 881 797 949 ptum.
820 869 1006 927 Gaza:
1046 878 1111 925 vt
1138 865 1516 946 enimfoems
1541 868 1864 925 inuoluere
1883 872 2316 944 secundarum,

300 991 419 1051 quo
452 982 771 1030 contentus
803 970 1097 1049 prodierit
1112 1008 1133 1034 ,
1177 969 1441 1035 exuitur,
1481 969 1572 1024 sic
1617 969 1741 1025 ista
1771 983 2079 1031 senectute
2103 972 2318 1031 detra-

302 1081 412 1129 cta
439 1082 830 1130 renouentur.
895 1068 1033 1129 Huc
1063 1067 1376 1147 pertinere
1410 1067 1690 1147 suspicor
1727 1053 2103 1149 membrum,
2149 1074 2318 1155 quod

297 1189 484 1249 supra
533 1173 736 1230 alieno
774 1170 913 1228 loco
960 1168 1323 1227 collocatum
1372 1185 1503 1225 esse
1543 1169 1781 1227 monui:
1836 1168 1970 1231 ἔστι
2019 1172 2081 1233 δὲ
2125 1170 2312 1235 τοῦτο

293 1269 573 1348 ἔσχατον
594 1269 798 1349 δέρμα
825 1274 941 1328 καὶ.
963 1261 1033 1328 ω’
1064 1267 1202 1347 περὶ
1226 1260 1343 1331 τοῖς
1368 1268 1634 1346 γενέσεις
1659 1271 1946 1347 κέλυφος.
1980 1294 2134 1353 quae
2163 1294 2314 1335 con-

292 1372 492 1437 tinent
522 1368 999 1449 descriptionem
1034 1367 1506 1437 secundinarum
1541 1378 1762 1447 aptam.
1823 1371 2048 1433 Nescio
2080 1377 2186 1455 qui
2219 1376 2316 1435 fa·-

296 1481 461 1534 ctum
494 1472 603 1546 sit,
644 1480 714 1530 vt
740 1456 1108 1551 Sylburgius
1140 1472 1207 1529 in
1226 1466 1433 1529 Indice
1459 1488 1678 1548 graeco
1715 1474 1827 1533 sub
1862 1477 2161 1535 vocabulo
2195 1474 2313 1555 χό-

294 1594 437 1655 ριον
462 1566 652 1633 etiam
670 1571 837 1631 hunc
857 1574 1065 1633 ldbum
1079 1578 1359 1653 poneret,
1397 1590 1536 1629 cum
1565 1568 1700 1651 ipse
1716 1580 1924 1679 tamen
1948 1576 2110 1636 nihil
2123 1576 2311 1656 plane

294 1672 371 1733 ad
400 1670 461 1731 h.
494 1673 535 1731 l.
571 1672 925 1733 monuisset.

376 1774 434 1831 4.
478 1770 675 1849 σίλφη
710 1779 826 1833 καὶ
857 1772 1089 1856 ἐμπὶς]
1139 1773 1371 1846 στίλφη
1419 1767 1802 1845 Camotiana,
1847 1772 1916 1829 in
1957 1792 2078 1851 quo
2112 1772 2310 1857 gemi-

290 1895 434 1935 nam
466 1876 837 1951 ‘scripturam
870 1874 1067 1948 σίλφη
1113 1881 1174 1935 et
1212 1871 1403 1947 τίλφη
1432 1870 1656 1945 latere,
1697 1877 1866 1929 recte
1891 1874 2131 1943 monuit
2161 1874 2308 1951 Syl-

287 1977 467 2053 burg.
528 1973 645 2031 Pro
690 1978 877 2052 ἐμπίς
919 1969 1073 2031 Edd.
1102 1982 1342 2033 veteres
1376 1990 1517 2029 cum
1537 1969 1608 2029 V.
1633 1967 1798 2030 R.·A.
1834 1964 2031 2040 ἀσπὶς
2057 1973 2303 2033 habent.

285 2072 521 2134 Verum
570 2092 648 2133 ex
701 2069 933 2129 Camot.
981 2072 1260 2153 reposuit
1317 2069 1608 2161 Sylburg.
1661 2070 1836 2129 culex
1873 2071 2060 2129 vertit
2111 2070 2301 2149 Gaza,

289 2162 503 2250 sylltha
562 2170 847 2233 Thomas.
920 2171 1301 2252 scripturam
1358 2174 1590 2251 τίλφην
1641 2172 1867 2261 probat
1912 2167 2304 2247 Phrynichus

284 2289 346 2351 p.
386 2270 519 2331 132.
555 2268 805 2336 Scholia
838 2272 1630 2355 adAristophanisAcharn.
1662 2290 1848 2331 versu
1869 2270 2008 2351 926.
2039 2270 2145 2331 vbi
2167 2274 2302 2354 quis

176 2423 189 2433 ,
280 2373 527 2431 naualia
547 2375 747 2433 Attica
777 2374 1108 2449 incendere
1136 2373 1362 2433 dicitur
1388 2368 1723 2453 θρυαλλίδι
1757 2376 1846 2436 εἰς
1875 2370 2116 2450 τίφηνῗ
2092 2392 2302 2465 impo—

283 2470 432 2544 sita‚
488 2485 775 2533 monent.
818 2470 1154 2551 Ἀθηναῖοι
1195 2474 1391 2550 τίφην
1436 2467 1706 2532 καλοῦσι
1743 2465 1861 2555 τῂν
1899 2474 2302 2554 καλουμένην

284 2574 542 2650 σίλφην.
572 2571 704 2633 ἔστι
738 2574 802 2635 δὲ
834 2573 996 2646 ζῶον
1022 2569 1455 2658 κανθαρῶδες.
1483 2571 1646 2630 vnde
1674 2569 1941 2628 Suidas'
1921 2593 1990 2630 m
2021 2571 2299 2650 νεώοιογ,

282 2671 390 2751 qui
422 2673 609 2735 habet
638 2663 922 2754 ζωῧφιον
947 2669 1371 2754 κανθαρῶδες.
1436 2670 1668 2732 Eadem
1695 2668 1947 2729 Scholia
1977 2672 2054 2730 ad
2084 2671 2300 2733 Pacem

280 2793 471 2834 versu
492 2793 604 2856 107
616 2795 671 2856 7.
702 2777 781 2836 de
810 2755 1300 2854 silpha‘tradunt
1322 2771 1566 2846 eadem,
1614 2791 1766 2851 quae
1791 2779 1976 2850 poeta
1995 2773 2070 2832 de
2094 2794 2296 2856 ojnov—

283 2874 470 2962 δύλῃ,
515 2899 741 2956 nempe
784 2895 918 2936 eam
962 2873 1153 2955 βδεῖν.
1222 2873 1303 2936 Et
1343 2872 1610 2934 Galenus
1649 2872 1726 2934 de
1760 2870 2044 2954 Compos.
2075 2875 2298 2963 medic.

280 2995 399 3060 sec.
432 2977 566 3035 loca
601 2977 659 3050 5,
694 2995 750 3056 9.
774 2972 959 3035 habet
988 2970 1029 3046 ἢ
1050 2972 1282 3052 σίλφης
1302 2971 1627 3058 βδεούσης.
1653 2974 1819 3034 vnde
1849 2973 2062 3034 Aetius
2093 2977 2128 3033 8
2148 3019 2164 3048 ‚
2198 2974 2297 3032 33.

280 3072 512 3152 σίλφης
546 3075 656 3149 τῆς
684 3071 1079 3160 κατοικιδίου
1108 3072 1216 3148 τῆς
1241 3071 1549 3158 βδεούσης
1572 3069 1648 3136 τό
1675 3072 1849 3152 οτῆρ.
1921 3074 2156 3133 Plinius
2193 3092 2294 3154 29.
2351 3131 2354 3140 ,

283 3176 479 3254 capite
510 3173 731 3237 vltimo
774 3173 843 3236 in
888 3175 1101 3236 eadem
1143 3157 1449 3235 medicina
1489 3175 1674 3237 habet
1689 3172 2002 3254 pinguedo
2043 3175 2292 3236 blattae.

279 3275 503 3336 Paulus
519 3277 813 3359 Aegineta
841 3276 909 3336 in
932 3273 1503 3360 αντιβαλλομένοις
1523 3271 1668 3332 libri
1689 3293 1740 3352 7.
1756 3270 1946 3332 habet
1967 3270 2108 3334 α’ντὶ
2134 3280 2291 3364 βου-

280 3359 605 3457 θπρηίντεως
646 3369 877 3462 σίλφᾲι
908 3375 1235 3458 βδέουσαι.
1314 3376 1384 3435 In
1424 3374 1522 3434 his
1561 3381 1767 3431 tamen
1807 3373 1959 3432 locis
2006 3375 2290 3435 omnibus
2341 3433 2366 3440 ,

281 3477 581 3545 adiectum
613 3477 893 3562 βδέουσα
931 3485 1277 3564 suspectum
1312 3475 1578 3536 habebat
1604 3471 1934 3534 Comarius
1962 3475 2041 3535 ad
2069 3475 2293 3536 Galeni

275 3559 320 3641 l.
354 3601 403 3639 c.
423 3601 504 3664 p.
538 3583 679 3664 428.
714 3578 967 3674 Σίλφην
1004 3577 1406 3640 librariamm
1443 3575 1628 3636 habet
1663 3571 1866 3635 Eueni
1892 3573 2292 3656 Epigramma

277 3679 715 3762 Analectorum
743 3681 787 3740 1.
822 3702 895 3763 Ρ.
932 3678 1066 3756 167.
1100 3679 1209 3740 vbi
1256 3671 1714 3755 σελιδηφάγος,
1760 3675 2144 3762 λωβήτειρα,
2186 3697 2287 3736 κε-

280 3777 637 3862 λαινόχρως
678 3783 861 3842 audit.
932 3779 1204 3846 Scholia
1232 3780 1308 3839 ad
1336 3778 1670 3840 Lucianum
1696 3776 1751 3834 Γ
1755 3796 1870 3835 om
1893 3775 2046 3836 VIII.
2085 3795 2146 3854 p.
2187 3777 2282 3838 18.

278 3881 387 3942 vbi
431 3881 579 3941 libri
614 3880 867 3941 inutiles
907 3883 1047 3948 ταῖς
1086 3885 1342 3960 τίλφαις
1379 3879 1668 3954 οἰκήσεις
1712 3874 2138 3950 nominantur,
2201 3876 2284 3934 ita

278 3983 559 4047 tradunt:
590 3979 795 4068 τίλφη
832 3972 1114 4060 ζωυφιόν
1154 4006 1217 4045 τι
1255 3981 1381 4050 τοῖς
1418 3980 1696 4065 βιβλίοις
1729 3976 1813 4044 ὥς
1846 3974 2088 4040 ἐπίπαν
2127 3977 2282 4038 ἐντί-

916 4112 924 4119 ·
1524 4081 1613 4138 Ss
