2892 4950
701 377 829 437 AD
914 372 1171 442 Llssffl
1260 373 1383 434 vn.
1472 373 1659 434 cAP.
1743 373 1846 434 xl.
2147 375 2270 462 ⁵⁵7

277 558 542 630 rogante
570 564 793 618 sorore,
836 555 897 602 vt
926 541 1161 623 infanti
1181 541 1352 624 quod
1372 544 1544 602 vellet
1573 563 1791 602 nomen
1817 539 2008 614 daret,
2032 544 2278 606 intuens

210 703 219 712 .
281 649 605 712 Claudium
616 657 913 728 patruum
929 665 1107 703 suum
1130 647 1261 702 eius
1274 665 1343 702 ee
1366 643 1522 704 dixit
1541 643 1704 704 dare.
1747 639 2087 720 Septimum
2112 643 2274 704 diem

272 747 601 809 lustricam
632 745 839 806 statuit
852 741 1243 803 casaubonus
1270 741 1349 801 ad
1366 740 1788 823 Capitolinum
1816 743 2021 822 p.128.
2049 741 2279 803 Contra

270 849 543 928 Scaliger
561 869 641 908 ex
674 841 990 907 Plutarchi
1023 841 1500 916 Quaestionib‘us
1519 843 1808 904 Romanis
1833 865 1962 923 cap.
1983 863 2116 906 102.
2146 868 2280 906 mo·-

272 951 447 1023 nuit‚
496 947 801 1010 Romanos
828 941 1079 1005 feminis
1109 951 1355 1024 octauo,
1396 944 1666 1004 maribus
1697 964 1864 1004 nono
1897 945 1998 1005 die
2029 947 2282 1009 nomina

266 1049 654 1130 imposuisse.
714 1045 939 1106 Graeci
970 1043 1135 1104 diem
1166 1043 1490 1104 lustr-icum
1517 1041 1930 1126 ἀμφιδρόμια
1957 1049 2277 1126 vocabant,

270 1151 350 1210 de
390 1169 514 1228 quo
558 1137 705 1207 vide
745 1146 1115 1224 Interpretes
1154 1143 1429 1204 Platonis
1470 1142 1548 1202 ad
1573 1143 1626 1202 T
1627 1143 1972 1206 heaetetnm
2015 1167 2066 1206 c.
2091 1149 2192 1224 47.
2219 1138 2286 1207 et

269 1245 779 1328 Harpocrationis
824 1245 939 1304 sub
980 1245 1283 1303 vocabulo
1310 1242 1431 1304 hoc
1458 1252 1522 1303 et
1542 1242 1610 1302 in
1637 1246 1828 1305 verbo
1861 1245 2280 1330 ἑβδομευομέ-

267 1371 407 1410 νου.
482 1344 600 1405 Hic
628 1365 765 1404 cum
794 1344 983 1404 Suida
1011 1347 1125 1406 sub
1160 1347 1353 1406 verbo
1378 1342 1726 1407 δεκατεύειν
1753 1343 1918 1404 inter
1949 1343 2072 1404 alia
2095 1345 2284 1406 habet

266 1447 465 1508 haec:
486 1442 906 1528 Ἀριστοτέλης
934 1446 999 1508 δὲ
1032 1453 1100 1510 ἐν
1122 1448 1264 1514 ταῖς
1293 1447 1327 1519 ζ
1353 1452 1554 1525 ’φησὶν
1579 1443 1988 1508 ἐπιτίθεσθαι
2015 1443 2100 1506 τά
2131 1443 2280 1509 ὀνό-

268 1569 455 1631 ματα
492 1545 760 1629 γράφων
800 1541 1022 1615 οὕτως·
1071 1551 1328 1620 πλεῖστα
1372 1546 1439 1608 δὲ
1475 1545 1836 1621 ἀναιρεῖται
1877 1543 2032 1622 πρός
2064 1543 2180 1620 τήν
2215 1549 2280 1620 ζ·

266 1643 381 1711 διδ
412 1653 527 1707 ,καὶ
564 1642 648 1706 τοὶ
676 1643 967 1729 ὀνόματα
1008 1646 1143 1710 τότε
1183 1645 1490 1708 τίθενται.
1562 1645 1969 1704 Athenienses
2019 1645 2284 1723 δεκάτην

271 1749 441 1808 diem
468 1748 685 1808 sestam
724 1745 1057 1821 habebant,
1098 1765 1289 1824 eaque
1326 1744 1538 1826 pueris
1569 1744 1824 1804 nomina
1845 1745 2284 1826 imponebant,

270 1846 443 1906 vnde
468 1846 736 1920 δεκάτην
769 1843 989 1918 ἑστιᾷν
1020 1844 1271 1907 dicitur.

356 1950 497 2016 ταῖς
520 1943 961 2025 πανσελήνοις]
1004 1943 1244 2004 Plinius
1276 1965 1332 2028 7.
1362 1965 1410 2003 s.
1437 1945 1495 2004 5.
1517 1944 1642 2006 Sed
1657 1946 1986 2027 plurimum
2017 1947 2285 2027 languo-

272 2053 367 2108 ris
392 2053 462 2107 ἰη
498 2060 755 2130 utroquo·
765 2068 914 2106 sexu
940 2041 1316 2134 (puerperis)
1350 2047 1638 2126 capillum
1671 2047 2054 2126 germinante
2071 2059 2284 2129 partu,

275 2159 342 2209 et
368 2151 437 2208 in
467 2149 834 2229 plenilum'oe
876 2147 1043 2228 quod
1065 2159 1298 2228 tempus
1320 2148 1514 2206 editos
1538 2167 1774 2230 quoque
1803 2145 2076 2228 infantes
2095 2168 2285 2230 pras-

273 2254 457 2332 cipue
485 2249 757 2329 infestat.

357 2357 475 2431 ‚sal
504 2343 687 2428 ὅσοις
713 2345 835 2410 τῶν
866 2342 1165 2424 παιδίων]
1208 2359 1268 2406 et
1299 2344 1659 2426 quibusdum
1684 2343 1870 2404 habet
1894 2350 2100 2409 versio
2118 2350 2286 2410 Tho-

238 2471 431 2531 ,mae.
488 2445 799 2528 Deinceps
835 2443 1179 2529 προϊούσης
1208 2447 1273 2511 δὲ
1296 2445 1554 2505 Juntina
1581 2444 1782 2505 habet.
1857 2446 2055 2509 Gazae
2081 2453 2286 2511 versio

272 2554 471 2613 verba
499 2556 811 2629 postrema
842 2548 994 2617 haec
1034 2548 1219 2629 plane
1258 2544 1498 2618 omisit,
1551 2548 1641 2605 vti
1673 2546 1726 2604 T
1727 2545 1948 2607 homae
1983 2559 2044 2609 et
2073 2550 2290 2613 Codex.

272 2652 471 2712 Vatic.
546 2646 621 2709 In
654 2646 815 2709 Med.
846 2658 1053 2711 tamen
1082 2648 1323 2709 adsunt.
1388 2644 1660 2727 Scaliger
1691 2647 1776 2707 ite
1809 2648 1884 2707 ad
1911 2647 1974 2707 h.
2011 2650 2084 2712 L:
2129 2650 2286 2712 Cum

272 2748 705 2833 proposuerit,
746 2756 817 2811 ‘se
848 2751 1155 2823 dicturum
1181 2750 1371 2829 μέχρι
1394 2746 1597 2829 γήρως
1628 2740 1753 2809 ὅσα
1781 2754 2158 2834 συμβαίνει,
2177 2772 2290 2813 ne-

275 2873 399 2931 que
428 2850 535 2911 hic
566 2850 865 2928 explerit,
908 2869 1155 2911 necesse
1184 2858 1279 2909 est
1302 2848 1450 2909 huic
1485 2848 1642 2907 libro
1673 2848 1852 2909 subdi
1886 2872 2060 2928 eum,
2103 2874 2289 2933 quem

276 2951 591 3011 decimum
623 2960 872 3009 vocant:
914 2951 1023 3029 qui
1056 2950 1145 3008 sic
1190 2947 1339 3007 item
1380 2947 1605 3028 incipit
1645 2957 1938 3029 tanquam
1985 2972 2022 3010 a
2065 2960 2294 3029 tessera

275 3046 627 3133 προϊούσης
665 3049 729 3110 δὲ
772 3049 879 3123 τῆς
914 3046 1201 3123 ἦλικίας.“
1265 3047 1387 3106 Sed
1420 3046 1568 3125 quia
1598 3050 1901 3109 sententia
1939 3048 2018 3109 de
2051 3052 2292 3111 semine

275 3148 572 3213 muliebri
604 3157 819 3208 contra
834 3146 1177 3209 Aristotelis
1210 3146 1569 3225 opinionem
1597 3157 1722 3223 est,
1765 3146 2068 3211 sustulere
2087 3150 2290 3226 illum,

276 3266 461 3331 atque
505 3248 775 3309 reiecere
818 3248 887 3307 in
934 3249 1141 3308 locum
1184 3247 1504 3306 decimum.
1584 3246 1872 3308 Albertus
1923 3248 2158 3312 librum
2202 3254 2292 3319 ita

282 3352 617 3414 conclusit:
662 3352 959 3428 Spasmus
988 3358 1226 3419 autem,
1267 3350 1379 3428 qm·
1394 3349 1605 3425 pueris
1629 3347 1892 3420 accidie,
1938 3352 2294 3436 valdsperi..

277 3455 521 3515 culo-ms
552 3462 645 3509 eet
656 3492 679 3521 ,
735 3472 923 3530 quum
953 3452 1176 3531 incipit
1212 3470 1255 3509 a
1285 3458 1472 3529 pane
1504 3447 1699 3506 dorsi.-
1735 3460 1794 3509 et
1829 3454 1924 3511 sic
1945 3454 2292 3536 prolonga..

281 3565 404 3613 tur.
454 3548 755 3629 Equidem
788 3549 897 3610 bic
942 3550 1128 3630 plane
1176 3569 1315 3609 cum
1354 3546 1537 3607 Gallo
1571 3547 1790 3609 Camns
1827 3552 2058 3629 sentio,
2103 3566 2166 3615 et
2203 3555 2293 3615 li·-

280 3650 463 3714 brum
494 3648 682 3711 istum
714 3650 1019 3713 decimum
1046 3654 1121 3712 ab
1134 3650 1466 3713 Aristotele
1496 3669 1624 3709 non
1650 3650 1852 3711 solum
1882 3650 2156 3715 alienum
2183 3654 2296 3714 sed.

280 3752 465 3812 etiam
496 3748 819 3829 indignum
844 3750 1219 3833 philosopho
1248 3769 1490 3810 censeo·
1529 3752 1906 3829 Argumenta
1931 3751 2116 3829 plura
2142 3751 2290 3809 satis

281 3852 534 3932 >copiose
560 3848 867 3929 explicuit
896 3849 1112 3910 GaUus
1126 3895 1145 3926 ,
1187 3852 1410 3931 quibus
1441 3850 1610 3929 quod
1639 3852 1858 3913 addam
1887 3857 2016 3909 non
2047 3848 2264 3911 habeo.
