<?xml version="1.0" encoding="UTF-8"?>
<!DOCTYPE html PUBLIC "-//W3C//DTD XHTML 1.0 Transitional//EN"
    "http://www.w3.org/TR/xhtml1/DTD/xhtml1-transitional.dtd">
<html xmlns="http://www.w3.org/1999/xhtml" xml:lang="en" lang="en">
 <head>
  <title>
</title>
<meta http-equiv="Content-Type" content="text/html;charset=utf-8" />
  <meta name='ocr-system' content='tesseract 3.04.00' />
  <meta name='ocr-capabilities' content='ocr_page ocr_carea ocr_par ocr_line ocrx_word'/>
</head>
<body>
  <div class='ocr_page' id='page_1' title='image "aristotelisdean01schngoog_0312.png"; bbox 0 0 2892 4950; ppageno 0'>
   <div class='ocr_carea' id='block_1_1' title="bbox 549 418 1959 501">
    <p class='ocr_par' dir='ltr' id='par_1_1' title="bbox 549 418 1959 501">
     <span class='ocr_line' id='line_1_1' title="bbox 549 418 1959 501; baseline -0.006 -2"><span class='ocrx_word' id='word_1_1' title='bbox 549 440 672 499; x_wconf 74' lang='lat'>310</span> <span class='ocrx_word' id='word_1_2' title='bbox 1196 418 1959 501; x_wconf 57' lang='lat' dir='ltr'><strong>ADNGTATYONES,</strong></span> 
     </span>
    </p>
   </div>
   <div class='ocr_carea' id='block_1_2' title="bbox 549 598 2545 1303">
    <p class='ocr_par' dir='ltr' id='par_1_2' title="bbox 549 598 2543 785">
     <span class='ocr_line' id='line_1_2' title="bbox 552 598 2539 687; baseline -0.002 -22"><span class='ocrx_word' id='word_1_3' title='bbox 552 610 686 685; x_wconf 72' lang='grc' dir='ltr'><strong><em>περὶ</em></strong></span> <span class='ocrx_word' id='word_1_4' title='bbox 707 602 991 687; x_wconf 83' lang='grc' dir='ltr'><strong><em>Καρίαν·</em></strong></span> <span class='ocrx_word' id='word_1_5' title='bbox 1033 608 1146 667; x_wconf 76' lang='grc' dir='ltr'>καὶ</span> <span class='ocrx_word' id='word_1_6' title='bbox 1171 607 1236 666; x_wconf 73' lang='grc' dir='ltr'>ἐν</span> <span class='ocrx_word' id='word_1_7' title='bbox 1273 600 1362 677; x_wconf 71' lang='grc' dir='ltr'>τῷ</span> <span class='ocrx_word' id='word_1_8' title='bbox 1379 599 1590 677; x_wconf 77' lang='grc' dir='ltr'><strong><em>κόλπῳ</em></strong></span> <span class='ocrx_word' id='word_1_9' title='bbox 1622 602 1741 683; x_wconf 65' lang='grc' dir='ltr'>μὲν</span> <span class='ocrx_word' id='word_1_10' title='bbox 1778 598 2053 683; x_wconf 77' lang='grc' dir='ltr'><em>μεγάλαι</em></span> <span class='ocrx_word' id='word_1_11' title='bbox 2083 608 2193 663; x_wconf 77' lang='grc' dir='ltr'>καὶ</span> <span class='ocrx_word' id='word_1_12' title='bbox 2228 604 2539 681; x_wconf 68' lang='grc' dir='ltr'><strong><em>τραχεῖαι.</em></strong></span> 
     </span>
     <span class='ocr_line' id='line_1_3' title="bbox 549 702 2543 785; baseline -0.002 -20"><span class='ocrx_word' id='word_1_13' title='bbox 549 704 848 785; x_wconf 82' lang='lat' dir='ltr'>Euripum</span> <span class='ocrx_word' id='word_1_14' title='bbox 876 706 930 764; x_wconf 90' lang='grc' dir='ltr'>Τ</span> <span class='ocrx_word' id='word_1_15' title='bbox 931 704 1141 765; x_wconf 81' lang='lat' dir='ltr'>homas</span> <span class='ocrx_word' id='word_1_16' title='bbox 1174 703 1614 781; x_wconf 81' lang='lat' dir='ltr'>interpretatur</span> <span class='ocrx_word' id='word_1_17' title='bbox 1640 705 1903 781; x_wconf 74' lang='lat' dir='ltr'>Nigrum</span> <span class='ocrx_word' id='word_1_18' title='bbox 1932 706 2235 771; x_wconf 76' lang='lat' dir='ltr'>Pontum,</span> <span class='ocrx_word' id='word_1_19' title='bbox 2276 712 2347 763; x_wconf 80' lang='lat' dir='ltr'>vt</span> <span class='ocrx_word' id='word_1_20' title='bbox 2372 702 2543 763; x_wconf 85' lang='lat' dir='ltr'>alibi.</span> 
     </span>
    </p>

    <p class='ocr_par' dir='ltr' id='par_1_3' title="bbox 555 813 2545 1303">
     <span class='ocr_line' id='line_1_4' title="bbox 635 813 2539 899; baseline 0 -18"><span class='ocrx_word' id='word_1_21' title='bbox 635 814 841 889; x_wconf 77' lang='grc' dir='ltr'><strong><em>ἄνθος</em></strong></span> <span class='ocrx_word' id='word_1_22' title='bbox 859 820 1062 883; x_wconf 77' lang='grc' dir='ltr'><strong><em>αὐτῶν</em></strong></span> <span class='ocrx_word' id='word_1_23' title='bbox 1087 818 1186 899; x_wconf 84' lang='grc' dir='ltr'>αἱ]</span> <span class='ocrx_word' id='word_1_24' title='bbox 1205 816 1547 878; x_wconf 72' lang='lat' dir='ltr'>Athenaeus</span> <span class='ocrx_word' id='word_1_25' title='bbox 1576 813 1789 879; x_wconf 73' lang='grc' dir='ltr'><strong><em>αὐτῶν</em></strong></span> <span class='ocrx_word' id='word_1_26' title='bbox 1812 818 2032 877; x_wconf 85' lang='lat' dir='ltr'>omisit.</span> <span class='ocrx_word' id='word_1_27' title='bbox 2056 816 2325 895; x_wconf 80' lang='lat' dir='ltr'>Sequens</span> <span class='ocrx_word' id='word_1_28' title='bbox 2354 814 2539 897; x_wconf 76' lang='grc' dir='ltr'><strong><em>ἔχου-</em></strong></span> 
     </span>
     <span class='ocr_line' id='line_1_5' title="bbox 555 915 2545 1001; baseline -0.002 -20"><span class='ocrx_word' id='word_1_29' title='bbox 555 940 660 981; x_wconf 86' lang='grc' dir='ltr'>σιν</span> <span class='ocrx_word' id='word_1_30' title='bbox 695 920 940 1001; x_wconf 84' lang='lat' dir='ltr'>vulgato</span> <span class='ocrx_word' id='word_1_31' title='bbox 979 918 1239 999; x_wconf 75' lang='grc' dir='ltr'><strong><em>ἔχουσαι</em></strong></span> <span class='ocrx_word' id='word_1_32' title='bbox 1286 915 1600 977; x_wconf 79' lang='lat' dir='ltr'>substituit</span> <span class='ocrx_word' id='word_1_33' title='bbox 1636 926 1698 977; x_wconf 88' lang='lat' dir='ltr'>et</span> <span class='ocrx_word' id='word_1_34' title='bbox 1728 922 1840 979; x_wconf 78' lang='grc' dir='ltr'>καὶ</span> <span class='ocrx_word' id='word_1_35' title='bbox 1884 925 2023 975; x_wconf 85' lang='lat' dir='ltr'>ante</span> <span class='ocrx_word' id='word_1_36' title='bbox 2055 915 2287 997; x_wconf 73' lang='grc' dir='ltr'><strong><em>μικρόν</em></strong></span> <span class='ocrx_word' id='word_1_37' title='bbox 2322 918 2545 979; x_wconf 85' lang='lat' dir='ltr'>adiecit</span> 
     </span>
     <span class='ocr_line' id='line_1_6' title="bbox 555 1015 2541 1094; baseline -0.002 -13"><span class='ocrx_word' id='word_1_38' title='bbox 555 1022 772 1081; x_wconf 78' lang='lat' dir='ltr'>Canius</span> <span class='ocrx_word' id='word_1_39' title='bbox 800 1042 880 1081; x_wconf 81' lang='lat' dir='ltr'>ex</span> <span class='ocrx_word' id='word_1_40' title='bbox 908 1020 1064 1081; x_wconf 77' lang='lat' dir='ltr'>Med.</span> <span class='ocrx_word' id='word_1_41' title='bbox 1090 1019 1288 1079; x_wconf 88' lang='lat' dir='ltr'>Rhen.</span> <span class='ocrx_word' id='word_1_42' title='bbox 1319 1026 1380 1076; x_wconf 86' lang='lat' dir='ltr'>et</span> <span class='ocrx_word' id='word_1_43' title='bbox 1405 1015 1691 1076; x_wconf 76' lang='lat' dir='ltr'>versione</span> <span class='ocrx_word' id='word_1_44' title='bbox 1706 1016 2012 1091; x_wconf 82' lang='lat' dir='ltr'>Thomae3</span> <span class='ocrx_word' id='word_1_45' title='bbox 2056 1016 2317 1094; x_wconf 77' lang='grc' dir='ltr'><strong><em>ἔχουσαι</em></strong></span> <span class='ocrx_word' id='word_1_46' title='bbox 2342 1026 2541 1077; x_wconf 77' lang='lat' dir='ltr'>tamen</span> 
     </span>
     <span class='ocr_line' id='line_1_7' title="bbox 558 1110 2539 1198; baseline 0 -19"><span class='ocrx_word' id='word_1_47' title='bbox 558 1118 740 1179; x_wconf 82' lang='lat' dir='ltr'>estin</span> <span class='ocrx_word' id='word_1_48' title='bbox 769 1118 964 1179; x_wconf 86' lang='lat' dir='ltr'>Rhen.</span> <span class='ocrx_word' id='word_1_49' title='bbox 1007 1120 1088 1179; x_wconf 89' lang='lat' dir='ltr'>·In</span> <span class='ocrx_word' id='word_1_50' title='bbox 1119 1116 1422 1177; x_wconf 72' lang='lat' dir='ltr'><strong>Athenaeo</strong></span> <span class='ocrx_word' id='word_1_51' title='bbox 1456 1110 1723 1198; x_wconf 73' lang='grc' dir='ltr'><strong><em>ἐρυθρόν</em></strong></span> <span class='ocrx_word' id='word_1_52' title='bbox 1752 1112 1955 1198; x_wconf 73' lang='grc' dir='ltr'><strong><em>μικρῷ</em></strong></span> <span class='ocrx_word' id='word_1_53' title='bbox 1974 1136 2053 1174; x_wconf 85' lang='lat' dir='ltr'>ex</span> <span class='ocrx_word' id='word_1_54' title='bbox 2090 1116 2323 1175; x_wconf 86' lang='lat' dir='ltr'>duobus</span> <span class='ocrx_word' id='word_1_55' title='bbox 2350 1114 2539 1179; x_wconf 83' lang='lat' dir='ltr'><strong>codd.</strong></span> 
     </span>
     <span class='ocr_line' id='line_1_8' title="bbox 565 1217 1360 1303; baseline 0 -26"><span class='ocrx_word' id='word_1_56' title='bbox 565 1218 758 1278; x_wconf 78' lang='lat' dir='ltr'>edidit</span> <span class='ocrx_word' id='word_1_57' title='bbox 797 1217 1360 1303; x_wconf 81' lang='lat' dir='ltr'><strong>Schweighaeuser.</strong></span> 
     </span>
    </p>
   </div>
   <div class='ocr_carea' id='block_1_3' title="bbox 641 1328 2544 1417">
    <p class='ocr_par' dir='ltr' id='par_1_4' title="bbox 641 1328 2544 1417">
     <span class='ocr_line' id='line_1_9' title="bbox 641 1328 2544 1417; baseline -0.003 -21"><span class='ocrx_word' id='word_1_58' title='bbox 641 1334 904 1417; x_wconf 73' lang='grc' dir='ltr'><strong><em>μναῒαι]</em></strong></span> <span class='ocrx_word' id='word_1_59' title='bbox 945 1335 1268 1414; x_wconf 84' lang='lat' dir='ltr'>Vulgatum</span> <span class='ocrx_word' id='word_1_60' title='bbox 1293 1332 1527 1415; x_wconf 80' lang='grc' dir='ltr'><strong><em>μναῖαι</em></strong></span> <span class='ocrx_word' id='word_1_61' title='bbox 1556 1351 1637 1390; x_wconf 83' lang='lat' dir='ltr'>ex</span> <span class='ocrx_word' id='word_1_62' title='bbox 1663 1328 1863 1407; x_wconf 76' lang='lat' dir='ltr'>Rben.</span> <span class='ocrx_word' id='word_1_63' title='bbox 1896 1329 2160 1389; x_wconf 79' lang='lat' dir='ltr'>correxi.</span> <span class='ocrx_word' id='word_1_64' title='bbox 2188 1332 2544 1412; x_wconf 68' lang='lat' dir='ltr'>adpretiata</span> 
     </span>
    </p>
   </div>
   <div class='ocr_carea' id='block_1_4' title="bbox 561 1429 2676 1507">
    <p class='ocr_par' dir='ltr' id='par_1_5' title="bbox 561 1429 2676 1507">
     <span class='ocr_line' id='line_1_10' title="bbox 561 1429 2676 1507; baseline -0.002 -11"><span class='ocrx_word' id='word_1_65' title='bbox 561 1440 758 1496; x_wconf 71' lang='lat' dir='ltr'>minae</span> <span class='ocrx_word' id='word_1_66' title='bbox 773 1438 948 1496; x_wconf 84' lang='lat' dir='ltr'>-Gaza</span> <span class='ocrx_word' id='word_1_67' title='bbox 966 1478 981 1507; x_wconf 94' lang='lat'><strong>,</strong></span> <span class='ocrx_word' id='word_1_68' title='bbox 1025 1436 1292 1494; x_wconf 71' lang='lat' dir='ltr'>valentes</span> <span class='ocrx_word' id='word_1_69' title='bbox 1315 1452 1534 1493; x_wconf 79' lang='lat' dir='ltr'>ranam</span> <span class='ocrx_word' id='word_1_70' title='bbox 1562 1430 1826 1489; x_wconf 85' lang='lat' dir='ltr'>Thomas</span> <span class='ocrx_word' id='word_1_71' title='bbox 1853 1429 2058 1489; x_wconf 82' lang='lat' dir='ltr'>vertit.</span> <span class='ocrx_word' id='word_1_72' title='bbox 2132 1430 2201 1491; x_wconf 85' lang='lat' dir='ltr'>In</span> <span class='ocrx_word' id='word_1_73' title='bbox 2229 1432 2541 1491; x_wconf 81' lang='lat' dir='ltr'>Athenaeo</span> <span class='ocrx_word' id='word_1_74' title='bbox 2668 1460 2676 1467; x_wconf 83' lang='lat'><strong>·</strong></span> 
     </span>
    </p>
   </div>
   <div class='ocr_carea' id='block_1_5' title="bbox 559 1528 2549 3640">
    <p class='ocr_par' dir='ltr' id='par_1_6' title="bbox 559 1528 2549 2808">
     <span class='ocr_line' id='line_1_11' title="bbox 559 1528 2547 1617; baseline -0.003 -20"><span class='ocrx_word' id='word_1_75' title='bbox 559 1537 866 1617; x_wconf 81' lang='grc' dir='ltr'><strong><em>μναιαῖαι</em></strong></span> <span class='ocrx_word' id='word_1_76' title='bbox 901 1535 1126 1605; x_wconf 84' lang='lat' dir='ltr'>editur,</span> <span class='ocrx_word' id='word_1_77' title='bbox 1167 1532 1276 1593; x_wconf 82' lang='lat' dir='ltr'>sed</span> <span class='ocrx_word' id='word_1_78' title='bbox 1300 1530 1565 1610; x_wconf 87' lang='lat' dir='ltr'>optimus</span> <span class='ocrx_word' id='word_1_79' title='bbox 1597 1529 1809 1588; x_wconf 79' lang='lat' dir='ltr'>Codex</span> <span class='ocrx_word' id='word_1_80' title='bbox 1830 1530 1900 1588; x_wconf 88' lang='lat' dir='ltr'>A.</span> <span class='ocrx_word' id='word_1_81' title='bbox 1928 1528 2163 1609; x_wconf 78' lang='grc' dir='ltr'><strong><em>μνάΐαι</em></strong></span> <span class='ocrx_word' id='word_1_82' title='bbox 2194 1552 2410 1591; x_wconf 79' lang='lat' dir='ltr'>verum</span> <span class='ocrx_word' id='word_1_83' title='bbox 2438 1532 2547 1591; x_wconf 81' lang='lat' dir='ltr'>ha·</span> 
     </span>
     <span class='ocr_line' id='line_1_12' title="bbox 561 1627 2544 1713; baseline -0.002 -20"><span class='ocrx_word' id='word_1_84' title='bbox 561 1636 676 1693; x_wconf 89' lang='lat' dir='ltr'>bet.</span> <span class='ocrx_word' id='word_1_85' title='bbox 726 1634 823 1695; x_wconf 82' lang='lat' dir='ltr'>Ex</span> <span class='ocrx_word' id='word_1_86' title='bbox 863 1634 1108 1713; x_wconf 81' lang='lat' dir='ltr'>vulgata</span> <span class='ocrx_word' id='word_1_87' title='bbox 1150 1630 1443 1692; x_wconf 79' lang='lat' dir='ltr'>Athenaei</span> <span class='ocrx_word' id='word_1_88' title='bbox 1492 1629 1795 1708; x_wconf 82' lang='lat' dir='ltr'>scriptura</span> <span class='ocrx_word' id='word_1_89' title='bbox 1850 1628 2031 1688; x_wconf 76' lang='lat' dir='ltr'>duxit</span> <span class='ocrx_word' id='word_1_90' title='bbox 2070 1627 2419 1690; x_wconf 80' lang='lat' dir='ltr'>Eustathius</span> <span class='ocrx_word' id='word_1_91' title='bbox 2466 1631 2544 1690; x_wconf 83' lang='lat' dir='ltr'>ad</span> 
     </span>
     <span class='ocr_line' id='line_1_13' title="bbox 563 1728 2537 1813; baseline -0.001 -21"><span class='ocrx_word' id='word_1_92' title='bbox 563 1732 783 1813; x_wconf 78' lang='lat' dir='ltr'>Odyss.</span> <span class='ocrx_word' id='word_1_93' title='bbox 806 1752 868 1813; x_wconf 88' lang='lat' dir='ltr'>p.</span> <span class='ocrx_word' id='word_1_94' title='bbox 889 1752 918 1811; x_wconf 92' lang='lat'>7</span> <span class='ocrx_word' id='word_1_95' title='bbox 935 1734 1026 1805; x_wconf 79' lang='lat'>15,</span> <span class='ocrx_word' id='word_1_96' title='bbox 1055 1750 1150 1792; x_wconf 87' lang='lat'>20.</span> <span class='ocrx_word' id='word_1_97' title='bbox 1177 1740 1234 1790; x_wconf 87' lang='lat' dir='ltr'>et</span> <span class='ocrx_word' id='word_1_98' title='bbox 1265 1732 1403 1808; x_wconf 78' lang='lat'><strong>754,</strong></span> <span class='ocrx_word' id='word_1_99' title='bbox 1427 1728 1518 1789; x_wconf 72' lang='grc' dir='ltr'>ιδ.</span> <span class='ocrx_word' id='word_1_100' title='bbox 1543 1730 1815 1811; x_wconf 78' lang='grc' dir='ltr'><strong><em>μνααῑος</em></strong></span> <span class='ocrx_word' id='word_1_101' title='bbox 1843 1738 1904 1787; x_wconf 87' lang='lat' dir='ltr'>et</span> <span class='ocrx_word' id='word_1_102' title='bbox 1925 1732 2152 1809; x_wconf 82' lang='grc' dir='ltr'><strong><em>μναῖος</em></strong></span> <span class='ocrx_word' id='word_1_103' title='bbox 2176 1730 2251 1789; x_wconf 91' lang='lat' dir='ltr'>de</span> <span class='ocrx_word' id='word_1_104' title='bbox 2268 1732 2537 1809; x_wconf 83' lang='lat' dir='ltr'>pondere</span> 
     </span>
     <span class='ocr_line' id='line_1_14' title="bbox 568 1828 2541 1913; baseline -0.001 -21"><span class='ocrx_word' id='word_1_105' title='bbox 568 1834 783 1893; x_wconf 83' lang='lat' dir='ltr'>libram</span> <span class='ocrx_word' id='word_1_106' title='bbox 817 1828 1126 1913; x_wconf 76' lang='lat' dir='ltr'>aequante.</span> <span class='ocrx_word' id='word_1_107' title='bbox 1179 1832 1246 1891; x_wconf 81' lang='lat' dir='ltr'>ln</span> <span class='ocrx_word' id='word_1_108' title='bbox 1269 1828 1678 1909; x_wconf 87' lang='lat' dir='ltr'>Xenophonte</span> <span class='ocrx_word' id='word_1_109' title='bbox 1714 1828 1789 1887; x_wconf 88' lang='lat' dir='ltr'>de</span> <span class='ocrx_word' id='word_1_110' title='bbox 1801 1828 2087 1907; x_wconf 83' lang='lat' dir='ltr'>Equestri</span> <span class='ocrx_word' id='word_1_111' title='bbox 2105 1828 2195 1889; x_wconf 88' lang='lat' dir='ltr'>Re</span> <span class='ocrx_word' id='word_1_112' title='bbox 2219 1832 2277 1903; x_wconf 81' lang='lat'>4,</span> <span class='ocrx_word' id='word_1_113' title='bbox 2307 1834 2363 1890; x_wconf 77' lang='lat'>4.</span> <span class='ocrx_word' id='word_1_114' title='bbox 2388 1830 2541 1892; x_wconf 89' lang='lat' dir='ltr'>Edd.</span> 
     </span>
     <span class='ocr_line' id='line_1_15' title="bbox 565 1923 2541 2011; baseline -0.002 -18"><span class='ocrx_word' id='word_1_115' title='bbox 565 1936 800 1993; x_wconf 64' lang='lat' dir='ltr'>x&#39;reteres</span> <span class='ocrx_word' id='word_1_116' title='bbox 826 1932 1126 1993; x_wconf 81' lang='lat' dir='ltr'>habebant</span> <span class='ocrx_word' id='word_1_117' title='bbox 1154 1931 1351 1993; x_wconf 76' lang='grc' dir='ltr'><strong><em>λίθων</em></strong></span> <span class='ocrx_word' id='word_1_118' title='bbox 1379 1964 1464 1978; x_wconf 92' lang='lat'>-</span> <span class='ocrx_word' id='word_1_119' title='bbox 1488 1923 1657 1992; x_wconf 85' lang='grc' dir='ltr'><strong><em>ὅσων</em></strong></span> <span class='ocrx_word' id='word_1_120' title='bbox 1682 1929 2031 2011; x_wconf 81' lang='grc' dir='ltr'><strong><em>μνααίους,</em></strong></span> <span class='ocrx_word' id='word_1_121' title='bbox 2074 1928 2173 1990; x_wconf 91' lang='lat' dir='ltr'>cui</span> <span class='ocrx_word' id='word_1_122' title='bbox 2198 1928 2541 2009; x_wconf 75' lang='lat' dir='ltr'>Stephanus</span> 
     </span>
     <span class='ocr_line' id='line_1_16' title="bbox 563 2029 2547 2113; baseline -0.002 -20"><span class='ocrx_word' id='word_1_123' title='bbox 563 2030 857 2113; x_wconf 85' lang='grc' dir='ltr'><strong><em>μνααίων</em></strong></span> <span class='ocrx_word' id='word_1_124' title='bbox 885 2030 1209 2090; x_wconf 77' lang='lat' dir='ltr'>substituit.</span> <span class='ocrx_word' id='word_1_125' title='bbox 1296 2029 1523 2091; x_wconf 76' lang='lat' dir='ltr'>Pollux</span> <span class='ocrx_word' id='word_1_126' title='bbox 1556 2048 1605 2086; x_wconf 89' lang='lat'>1.</span> <span class='ocrx_word' id='word_1_127' title='bbox 1628 2050 1676 2087; x_wconf 90' lang='lat' dir='ltr'>s.</span> <span class='ocrx_word' id='word_1_128' title='bbox 1715 2047 1844 2090; x_wconf 84' lang='lat'><strong>100.</strong></span> <span class='ocrx_word' id='word_1_129' title='bbox 1870 2052 1949 2090; x_wconf 79' lang='lat' dir='ltr'>ex</span> <span class='ocrx_word' id='word_1_130' title='bbox 1976 2052 2048 2091; x_wconf 90' lang='lat' dir='ltr'>eo</span> <span class='ocrx_word' id='word_1_131' title='bbox 2078 2030 2215 2089; x_wconf 90' lang='lat' dir='ltr'>loco</span> <span class='ocrx_word' id='word_1_132' title='bbox 2238 2030 2547 2111; x_wconf 80' lang='lat' dir='ltr'>excerpsit</span> 
     </span>
     <span class='ocr_line' id='line_1_17' title="bbox 565 2126 2546 2213; baseline 0.001 -24"><span class='ocrx_word' id='word_1_133' title='bbox 565 2126 786 2197; x_wconf 73' lang='grc' dir='ltr'><strong><em>λίθους</em></strong></span> <span class='ocrx_word' id='word_1_134' title='bbox 834 2128 1208 2213; x_wconf 72' lang='grc' dir='ltr'><strong><em>μναιαίους,</em></strong></span> <span class='ocrx_word' id='word_1_135' title='bbox 1287 2128 1499 2188; x_wconf 80' lang='lat' dir='ltr'>Codex</span> <span class='ocrx_word' id='word_1_136' title='bbox 1548 2128 1736 2189; x_wconf 86' lang='lat' dir='ltr'>Paris.</span> <span class='ocrx_word' id='word_1_137' title='bbox 1782 2130 1849 2190; x_wconf 86' lang='grc' dir='ltr'>Β.</span> <span class='ocrx_word' id='word_1_138' title='bbox 1886 2130 2307 2210; x_wconf 82' lang='lat' dir='ltr'>Xenophontis</span> <span class='ocrx_word' id='word_1_139' title='bbox 2360 2132 2546 2191; x_wconf 85' lang='lat' dir='ltr'>etiam</span> 
     </span>
     <span class='ocr_line' id='line_1_18' title="bbox 565 2222 2549 2311; baseline 0.001 -21"><span class='ocrx_word' id='word_1_140' title='bbox 565 2228 880 2309; x_wconf 79' lang='grc' dir='ltr'><strong><em>μνααίους</em></strong></span> <span class='ocrx_word' id='word_1_141' title='bbox 921 2228 1132 2302; x_wconf 90' lang='lat' dir='ltr'>habet,</span> <span class='ocrx_word' id='word_1_142' title='bbox 1177 2227 1513 2306; x_wconf 78' lang='lat' dir='ltr'>Lipsiensis</span> <span class='ocrx_word' id='word_1_143' title='bbox 1558 2222 1724 2291; x_wconf 86' lang='grc' dir='ltr'><strong><em>ὅσων</em></strong></span> <span class='ocrx_word' id='word_1_144' title='bbox 1757 2228 2119 2310; x_wconf 76' lang='grc' dir='ltr'><strong><em>μναιαίους.</em></strong></span> <span class='ocrx_word' id='word_1_145' title='bbox 2186 2230 2255 2291; x_wconf 90' lang='lat' dir='ltr'>ln</span> <span class='ocrx_word' id='word_1_146' title='bbox 2282 2228 2549 2311; x_wconf 84' lang='lat' dir='ltr'>Hippar-</span> 
     </span>
     <span class='ocr_line' id='line_1_19' title="bbox 570 2322 2545 2411; baseline 0.003 -24"><span class='ocrx_word' id='word_1_147' title='bbox 570 2326 748 2387; x_wconf 80' lang='lat' dir='ltr'>chico</span> <span class='ocrx_word' id='word_1_148' title='bbox 781 2348 832 2403; x_wconf 89' lang='lat'>1,</span> <span class='ocrx_word' id='word_1_149' title='bbox 869 2329 958 2387; x_wconf 83' lang='lat'>16.</span> <span class='ocrx_word' id='word_1_150' title='bbox 988 2322 1142 2391; x_wconf 83' lang='grc' dir='ltr'><strong><em>ὅσον</em></strong></span> <span class='ocrx_word' id='word_1_151' title='bbox 1169 2324 1517 2411; x_wconf 84' lang='grc' dir='ltr'><strong><em>μναιαίους</em></strong></span> <span class='ocrx_word' id='word_1_152' title='bbox 1540 2330 1743 2389; x_wconf 87' lang='lat' dir='ltr'>editur</span> <span class='ocrx_word' id='word_1_153' title='bbox 1774 2330 1905 2390; x_wconf 87' lang='lat' dir='ltr'>sine</span> <span class='ocrx_word' id='word_1_154' title='bbox 1934 2331 2244 2390; x_wconf 75' lang='lat' dir='ltr'>varietate.</span> <span class='ocrx_word' id='word_1_155' title='bbox 2306 2331 2401 2391; x_wconf 91' lang='lat' dir='ltr'>De</span> <span class='ocrx_word' id='word_1_156' title='bbox 2428 2332 2545 2391; x_wconf 85' lang='lat' dir='ltr'>Ve-</span> 
     </span>
     <span class='ocr_line' id='line_1_20' title="bbox 570 2426 2545 2518; baseline 0.002 -30"><span class='ocrx_word' id='word_1_157' title='bbox 570 2426 884 2509; x_wconf 69' lang='lat' dir='ltr'>‹ztigalibus</span> <span class='ocrx_word' id='word_1_158' title='bbox 925 2430 995 2503; x_wconf 76' lang='lat'>4,</span> <span class='ocrx_word' id='word_1_159' title='bbox 1037 2430 1127 2489; x_wconf 86' lang='lat'>15.</span> <span class='ocrx_word' id='word_1_160' title='bbox 1181 2426 1575 2518; x_wconf 77' lang='grc' dir='ltr'><strong><em>Φιλημονίδῃ</em></strong></span> <span class='ocrx_word' id='word_1_161' title='bbox 1621 2430 1687 2494; x_wconf 78' lang='grc' dir='ltr'>δὲ</span> <span class='ocrx_word' id='word_1_162' title='bbox 1724 2428 2063 2512; x_wconf 76' lang='grc' dir='ltr'><strong><em>τριακόσια</em></strong></span> <span class='ocrx_word' id='word_1_163' title='bbox 2096 2426 2545 2514; x_wconf 73' lang='grc' dir='ltr'><strong><em>(ἀνδράποδα)</em></strong></span> 
     </span>
     <span class='ocr_line' id='line_1_21' title="bbox 567 2527 2548 2615; baseline 0.003 -26"><span class='ocrx_word' id='word_1_164' title='bbox 567 2527 917 2612; x_wconf 72' lang='grc' dir='ltr'><strong><em>ἡμιμναῖον</em></strong></span> <span class='ocrx_word' id='word_1_165' title='bbox 941 2527 1368 2615; x_wconf 75' lang='grc' dir='ltr'><strong><em>(προσέφερεν)</em></strong></span> <span class='ocrx_word' id='word_1_166' title='bbox 1383 2575 1406 2604; x_wconf 92' lang='lat'><strong>,</strong></span> <span class='ocrx_word' id='word_1_167' title='bbox 1448 2531 1554 2592; x_wconf 82' lang='lat' dir='ltr'>vbi</span> <span class='ocrx_word' id='word_1_168' title='bbox 1594 2539 1733 2590; x_wconf 87' lang='lat' dir='ltr'>ante</span> <span class='ocrx_word' id='word_1_169' title='bbox 1756 2529 2189 2590; x_wconf 84' lang='lat' dir='ltr'>Leonclauium</span> <span class='ocrx_word' id='word_1_170' title='bbox 2230 2541 2364 2592; x_wconf 83' lang='lat' dir='ltr'>erat</span> <span class='ocrx_word' id='word_1_171' title='bbox 2400 2531 2548 2614; x_wconf 70' lang='grc' dir='ltr'><strong><em>η’μι-</em></strong></span> 
     </span>
     <span class='ocr_line' id='line_1_22' title="bbox 569 2627 2545 2714; baseline 0.003 -26"><span class='ocrx_word' id='word_1_172' title='bbox 569 2631 792 2711; x_wconf 81' lang='grc' dir='ltr'><strong><em>μναῖα.</em></strong></span> <span class='ocrx_word' id='word_1_173' title='bbox 862 2631 935 2692; x_wconf 88' lang='lat' dir='ltr'>In</span> <span class='ocrx_word' id='word_1_174' title='bbox 967 2629 1294 2692; x_wconf 85' lang='lat' dir='ltr'>Memorab.</span> <span class='ocrx_word' id='word_1_175' title='bbox 1337 2650 1408 2707; x_wconf 87' lang='lat'>2,</span> <span class='ocrx_word' id='word_1_176' title='bbox 1441 2635 1509 2708; x_wconf 85' lang='lat'>5,</span> <span class='ocrx_word' id='word_1_177' title='bbox 1548 2651 1605 2692; x_wconf 80' lang='lat'>2.</span> <span class='ocrx_word' id='word_1_178' title='bbox 1638 2641 1729 2706; x_wconf 84' lang='lat' dir='ltr'>est</span> <span class='ocrx_word' id='word_1_179' title='bbox 1759 2651 1969 2690; x_wconf 86' lang='lat' dir='ltr'>seruus</span> <span class='ocrx_word' id='word_1_180' title='bbox 2004 2627 2146 2694; x_wconf 76' lang='grc' dir='ltr'>οὐδ’</span> <span class='ocrx_word' id='word_1_181' title='bbox 2176 2629 2545 2714; x_wconf 75' lang='grc' dir='ltr'><strong><em>ἡμιμναίου,</em></strong></span> 
     </span>
     <span class='ocr_line' id='line_1_23' title="bbox 572 2724 1328 2808; baseline 0.008 -25"><span class='ocrx_word' id='word_1_182' title='bbox 572 2724 860 2785; x_wconf 75' lang='lat' dir='ltr'>dimidiae</span> <span class='ocrx_word' id='word_1_183' title='bbox 884 2726 1084 2788; x_wconf 88' lang='lat' dir='ltr'>minae</span> <span class='ocrx_word' id='word_1_184' title='bbox 1110 2730 1328 2808; x_wconf 85' lang='lat' dir='ltr'>pretio.</span> 
     </span>
    </p>

    <p class='ocr_par' dir='ltr' id='par_1_7' title="bbox 569 2853 2543 3640">
     <span class='ocr_line' id='line_1_24' title="bbox 651 2853 2543 2946; baseline 0.005 -30"><span class='ocrx_word' id='word_1_185' title='bbox 651 2854 770 2923; x_wconf 72' lang='lat' dir='ltr'>uic</span> <span class='ocrx_word' id='word_1_186' title='bbox 791 2853 1010 2937; x_wconf 78' lang='grc' dir='ltr'><strong><em>α’κτοὶς]</em></strong></span> <span class='ocrx_word' id='word_1_187' title='bbox 1053 2859 1105 2917; x_wconf 88' lang='grc' dir='ltr'>Τ</span> <span class='ocrx_word' id='word_1_188' title='bbox 1107 2860 1324 2922; x_wconf 86' lang='lat' dir='ltr'>homae</span> <span class='ocrx_word' id='word_1_189' title='bbox 1349 2865 1552 2924; x_wconf 74' lang='lat' dir='ltr'>versio</span> <span class='ocrx_word' id='word_1_190' title='bbox 1574 2875 1781 2946; x_wconf 79' lang='lat' dir='ltr'>petras</span> <span class='ocrx_word' id='word_1_191' title='bbox 1818 2863 2016 2924; x_wconf 81' lang='lat' dir='ltr'>habet.</span> <span class='ocrx_word' id='word_1_192' title='bbox 2092 2863 2399 2945; x_wconf 83' lang='lat' dir='ltr'>Deinceps</span> <span class='ocrx_word' id='word_1_193' title='bbox 2430 2872 2543 2930; x_wconf 77' lang='grc' dir='ltr'><strong><em>εἰσὶ</em></strong></span> 
     </span>
     <span class='ocr_line' id='line_1_25' title="bbox 569 2955 2540 3048; baseline 0.003 -29"><span class='ocrx_word' id='word_1_194' title='bbox 569 2963 792 3040; x_wconf 76' lang='grc' dir='ltr'><strong><em>μικραὶ</em></strong></span> <span class='ocrx_word' id='word_1_195' title='bbox 811 2955 1172 3018; x_wconf 79' lang='lat' dir='ltr'>Athenaeus.</span> <span class='ocrx_word' id='word_1_196' title='bbox 1233 2961 1446 3024; x_wconf 87' lang='lat' dir='ltr'>Postea</span> <span class='ocrx_word' id='word_1_197' title='bbox 1468 2965 1782 3044; x_wconf 81' lang='lat' dir='ltr'>vulgatum</span> <span class='ocrx_word' id='word_1_198' title='bbox 1810 2964 2083 3048; x_wconf 79' lang='grc' dir='ltr'><strong><em>βορείοις</em></strong></span> <span class='ocrx_word' id='word_1_199' title='bbox 2116 2983 2197 3024; x_wconf 82' lang='lat' dir='ltr'>ex</span> <span class='ocrx_word' id='word_1_200' title='bbox 2230 2963 2391 3024; x_wconf 84' lang='lat' dir='ltr'>Med.</span> <span class='ocrx_word' id='word_1_201' title='bbox 2414 2965 2540 3024; x_wconf 77' lang='lat' dir='ltr'>Vat-</span> 
     </span>
     <span class='ocr_line' id='line_1_26' title="bbox 569 3059 2540 3148; baseline 0.004 -26"><span class='ocrx_word' id='word_1_202' title='bbox 569 3059 768 3122; x_wconf 84' lang='lat' dir='ltr'>Rhen.</span> <span class='ocrx_word' id='word_1_203' title='bbox 799 3069 860 3118; x_wconf 90' lang='lat' dir='ltr'>et</span> <span class='ocrx_word' id='word_1_204' title='bbox 891 3059 1174 3119; x_wconf 82' lang='lat' dir='ltr'>versione</span> <span class='ocrx_word' id='word_1_205' title='bbox 1215 3061 1489 3124; x_wconf 84' lang='lat' dir='ltr'>Thomae</span> <span class='ocrx_word' id='word_1_206' title='bbox 1532 3062 1805 3124; x_wconf 80' lang='lat' dir='ltr'>correxit</span> <span class='ocrx_word' id='word_1_207' title='bbox 1842 3063 2079 3124; x_wconf 84' lang='lat' dir='ltr'>Camus.</span> <span class='ocrx_word' id='word_1_208' title='bbox 2120 3063 2540 3148; x_wconf 65' lang='grc' dir='ltr'><strong><em>προσβόρροις</em></strong></span> 
     </span>
     <span class='ocr_line' id='line_1_27' title="bbox 570 3159 2542 3244; baseline 0 -24"><span class='ocrx_word' id='word_1_209' title='bbox 570 3159 880 3220; x_wconf 82' lang='lat' dir='ltr'>Athenaeo</span> <span class='ocrx_word' id='word_1_210' title='bbox 921 3160 1197 3221; x_wconf 64' lang='lat' dir='ltr'>restituit</span> <span class='ocrx_word' id='word_1_211' title='bbox 1219 3161 1775 3244; x_wconf 83' lang='lat' dir='ltr'>Schweighaeuser,</span> <span class='ocrx_word' id='word_1_212' title='bbox 1822 3163 1927 3222; x_wconf 82' lang='lat' dir='ltr'>vbi</span> <span class='ocrx_word' id='word_1_213' title='bbox 1981 3161 2215 3223; x_wconf 85' lang='lat' dir='ltr'>Veneta</span> <span class='ocrx_word' id='word_1_214' title='bbox 2271 3173 2333 3222; x_wconf 89' lang='lat' dir='ltr'>et</span> <span class='ocrx_word' id='word_1_215' title='bbox 2366 3163 2542 3225; x_wconf 80' lang='lat' dir='ltr'>Basil.</span> 
     </span>
     <span class='ocr_line' id='line_1_28' title="bbox 569 3258 2542 3348; baseline 0.007 -30"><span class='ocrx_word' id='word_1_216' title='bbox 569 3258 944 3340; x_wconf 77' lang='grc' dir='ltr'><strong><em>προσβόροις</em></strong></span> <span class='ocrx_word' id='word_1_217' title='bbox 985 3282 1122 3321; x_wconf 88' lang='lat' dir='ltr'>cum</span> <span class='ocrx_word' id='word_1_218' title='bbox 1158 3261 1439 3341; x_wconf 78' lang='lat' dir='ltr'>Epitome</span> <span class='ocrx_word' id='word_1_219' title='bbox 1480 3264 1647 3325; x_wconf 80' lang='lat' dir='ltr'>Msta.</span> <span class='ocrx_word' id='word_1_220' title='bbox 1687 3265 1824 3334; x_wconf 79' lang='grc' dir='ltr'><strong><em>ταῖς</em></strong></span> <span class='ocrx_word' id='word_1_221' title='bbox 1854 3261 2007 3343; x_wconf 82' lang='grc' dir='ltr'><strong><em>πρός</em></strong></span> <span class='ocrx_word' id='word_1_222' title='bbox 2042 3263 2299 3348; x_wconf 77' lang='grc' dir='ltr'><strong><em>βοῤῥοῖς</em></strong></span> <span class='ocrx_word' id='word_1_223' title='bbox 2336 3263 2542 3324; x_wconf 71' lang='lat' dir='ltr'>Codex</span> 
     </span>
     <span class='ocr_line' id='line_1_29' title="bbox 569 3356 2541 3445; baseline 0.002 -29"><span class='ocrx_word' id='word_1_224' title='bbox 569 3356 834 3436; x_wconf 87' lang='lat' dir='ltr'>optimus</span> <span class='ocrx_word' id='word_1_225' title='bbox 851 3358 920 3416; x_wconf 83' lang='lat' dir='ltr'>A.</span> <span class='ocrx_word' id='word_1_226' title='bbox 947 3358 1143 3419; x_wconf 80' lang='lat' dir='ltr'>habet.</span> <span class='ocrx_word' id='word_1_227' title='bbox 1158 3361 1585 3445; x_wconf 80' lang='grc' dir='ltr'><strong><em>Κατάβορρος</em></strong></span> <span class='ocrx_word' id='word_1_228' title='bbox 1608 3385 1687 3424; x_wconf 82' lang='lat' dir='ltr'>ex</span> <span class='ocrx_word' id='word_1_229' title='bbox 1702 3362 2043 3426; x_wconf 75' lang='lat' dir='ltr'>Aristotelis</span> <span class='ocrx_word' id='word_1_230' title='bbox 2060 3361 2486 3422; x_wconf 87' lang='lat' dir='ltr'>Oeconomicis</span> <span class='ocrx_word' id='word_1_231' title='bbox 2502 3385 2541 3422; x_wconf 89' lang='lat'>1.</span> 
     </span>
     <span class='ocr_line' id='line_1_30' title="bbox 569 3452 2543 3548; baseline 0.005 -34"><span class='ocrx_word' id='word_1_232' title='bbox 569 3477 618 3514; x_wconf 89' lang='lat' dir='ltr'>c.</span> <span class='ocrx_word' id='word_1_233' title='bbox 643 3457 698 3515; x_wconf 88' lang='grc'>6.</span> <span class='ocrx_word' id='word_1_234' title='bbox 725 3452 1130 3539; x_wconf 74' lang='grc' dir='ltr'><strong><em>παράβοῤῥος</em></strong></span> <span class='ocrx_word' id='word_1_235' title='bbox 1165 3479 1248 3519; x_wconf 82' lang='lat' dir='ltr'>ex</span> <span class='ocrx_word' id='word_1_236' title='bbox 1274 3461 1731 3540; x_wconf 84' lang='lat' dir='ltr'>Theophrasto,</span> <span class='ocrx_word' id='word_1_237' title='bbox 1776 3482 1857 3522; x_wconf 75' lang='lat' dir='ltr'>ex</span> <span class='ocrx_word' id='word_1_238' title='bbox 1876 3483 1997 3542; x_wconf 86' lang='lat' dir='ltr'>quo</span> <span class='ocrx_word' id='word_1_239' title='bbox 2025 3461 2201 3522; x_wconf 83' lang='lat' dir='ltr'>etiam</span> <span class='ocrx_word' id='word_1_240' title='bbox 2233 3459 2543 3548; x_wconf 73' lang='grc' dir='ltr'><strong><em>πρόσβορ-</em></strong></span> 
     </span>
     <span class='ocr_line' id='line_1_31' title="bbox 570 3553 1755 3640; baseline 0.008 -26"><span class='ocrx_word' id='word_1_241' title='bbox 570 3556 679 3638; x_wconf 82' lang='grc' dir='ltr'>ῥος</span> <span class='ocrx_word' id='word_1_242' title='bbox 713 3565 774 3615; x_wconf 83' lang='lat' dir='ltr'>et</span> <span class='ocrx_word' id='word_1_243' title='bbox 801 3553 1208 3640; x_wconf 77' lang='grc' dir='ltr'><strong><em>προσβόρειος</em></strong></span> <span class='ocrx_word' id='word_1_244' title='bbox 1231 3561 1440 3637; x_wconf 85' lang='lat' dir='ltr'>posuit</span> <span class='ocrx_word' id='word_1_245' title='bbox 1460 3561 1755 3624; x_wconf 82' lang='lat' dir='ltr'>Budaeus.</span> 
     </span>
    </p>
   </div>
   <div class='ocr_carea' id='block_1_6' title="bbox 569 3675 2545 3870">
    <p class='ocr_par' dir='ltr' id='par_1_8' title="bbox 569 3675 2545 3870">
     <span class='ocr_line' id='line_1_32' title="bbox 653 3675 2541 3775; baseline 0.002 -27"><span class='ocrx_word' id='word_1_246' title='bbox 653 3692 710 3750; x_wconf 83' lang='lat'>4.</span> <span class='ocrx_word' id='word_1_247' title='bbox 753 3686 832 3751; x_wconf 80' lang='grc' dir='ltr'>ου’</span> <span class='ocrx_word' id='word_1_248' title='bbox 867 3684 988 3768; x_wconf 68' lang='grc' dir='ltr'>γάρ</span> <span class='ocrx_word' id='word_1_249' title='bbox 1025 3689 1362 3768; x_wconf 75' lang='grc' dir='ltr'><strong><em>νέμονται]</em></strong></span> <span class='ocrx_word' id='word_1_250' title='bbox 1391 3691 1563 3752; x_wconf 86' lang='lat' dir='ltr'>-Haee</span> <span class='ocrx_word' id='word_1_251' title='bbox 1608 3697 1795 3756; x_wconf 77' lang='lat' dir='ltr'>verba</span> <span class='ocrx_word' id='word_1_252' title='bbox 1838 3715 1919 3754; x_wconf 74' lang='lat' dir='ltr'>ex</span> <span class='ocrx_word' id='word_1_253' title='bbox 1956 3694 2181 3756; x_wconf 86' lang='lat' dir='ltr'>Camot.</span> <span class='ocrx_word' id='word_1_254' title='bbox 2232 3675 2541 3775; x_wconf 78' lang='lat' dir='ltr'>suppleuit</span> 
     </span>
     <span class='ocr_line' id='line_1_33' title="bbox 569 3788 2545 3870; baseline 0.001 -22"><span class='ocrx_word' id='word_1_255' title='bbox 569 3788 862 3869; x_wconf 82' lang='lat' dir='ltr'>Sylburg,</span> <span class='ocrx_word' id='word_1_256' title='bbox 891 3797 953 3847; x_wconf 87' lang='lat' dir='ltr'>et</span> <span class='ocrx_word' id='word_1_257' title='bbox 963 3789 1200 3850; x_wconf 78' lang='lat' dir='ltr'>habent</span> <span class='ocrx_word' id='word_1_258' title='bbox 1223 3790 1413 3849; x_wconf 85' lang='lat' dir='ltr'>Codd.</span> <span class='ocrx_word' id='word_1_259' title='bbox 1439 3797 1899 3870; x_wconf 83' lang='lat' dir='ltr'>praeterAmbr.</span> <span class='ocrx_word' id='word_1_260' title='bbox 1942 3793 2136 3854; x_wconf 82' lang='lat' dir='ltr'>Habet</span> <span class='ocrx_word' id='word_1_261' title='bbox 2162 3793 2345 3854; x_wconf 78' lang='lat' dir='ltr'>etiam</span> <span class='ocrx_word' id='word_1_262' title='bbox 2366 3793 2545 3852; x_wconf 85' lang='lat' dir='ltr'>Athe-</span> 
     </span>
    </p>
   </div>
   <div class='ocr_carea' id='block_1_7' title="bbox 572 3887 2544 4078">
    <p class='ocr_par' dir='ltr' id='par_1_9' title="bbox 572 3887 2544 4078">
     <span class='ocr_line' id='line_1_34' title="bbox 575 3887 2544 3974; baseline 0.003 -29"><span class='ocrx_word' id='word_1_263' title='bbox 575 3907 752 3948; x_wconf 78' lang='lat' dir='ltr'>naeus</span> <span class='ocrx_word' id='word_1_264' title='bbox 785 3889 838 3948; x_wconf 83' lang='lat'>3.</span> <span class='ocrx_word' id='word_1_265' title='bbox 865 3907 926 3968; x_wconf 81' lang='lat' dir='ltr'>p.</span> <span class='ocrx_word' id='word_1_266' title='bbox 958 3891 1053 3967; x_wconf 81' lang='lat'>89.</span> <span class='ocrx_word' id='word_1_267' title='bbox 1084 3889 1192 3966; x_wconf 83' lang='lat' dir='ltr'>qui</span> <span class='ocrx_word' id='word_1_268' title='bbox 1222 3892 1410 3950; x_wconf 79' lang='lat' dir='ltr'>verba</span> <span class='ocrx_word' id='word_1_269' title='bbox 1456 3887 1613 3954; x_wconf 79' lang='grc' dir='ltr'><strong><em>ὅταν</em></strong></span> <span class='ocrx_word' id='word_1_270' title='bbox 1648 3893 2034 3974; x_wconf 77' lang='grc' dir='ltr'><strong><em>κηριάζωσιν</em></strong></span> <span class='ocrx_word' id='word_1_271' title='bbox 2060 3895 2287 3954; x_wconf 85' lang='lat' dir='ltr'>omisit.</span> <span class='ocrx_word' id='word_1_272' title='bbox 2358 3894 2544 3956; x_wconf 89' lang='lat' dir='ltr'>Dein-</span> 
     </span>
     <span class='ocr_line' id='line_1_35' title="bbox 572 3987 2544 4078; baseline -0.006 -26"><span class='ocrx_word' id='word_1_273' title='bbox 572 3993 708 4065; x_wconf 55' lang='lat' dir='ltr'>‘ffeps</span> <span class='ocrx_word' id='word_1_274' title='bbox 745 3988 1028 4066; x_wconf 71' lang='grc' dir='ltr'><strong><em>φωλοῦσι</em></strong></span> <span class='ocrx_word' id='word_1_275' title='bbox 1071 3987 1264 4049; x_wconf 76' lang='lat' dir='ltr'>Rhen.</span> <span class='ocrx_word' id='word_1_276' title='bbox 1331 3991 1605 4070; x_wconf 85' lang='lat' dir='ltr'>Sequens</span> <span class='ocrx_word' id='word_1_277' title='bbox 1644 3993 1965 4078; x_wconf 82' lang='grc' dir='ltr'><strong><em>σύμφυσις</em></strong></span> <span class='ocrx_word' id='word_1_278' title='bbox 1996 3990 2199 4071; x_wconf 72' lang='grc' dir='ltr'><strong><em>πυκνή</em></strong></span> <span class='ocrx_word' id='word_1_279' title='bbox 2228 3996 2389 4056; x_wconf 62' lang='lat' dir='ltr'>Gaza</span> <span class='ocrx_word' id='word_1_280' title='bbox 2413 3991 2544 4055; x_wconf 66' lang='lat' dir='ltr'>red.</span> 
     </span>
    </p>
   </div>
   <div class='ocr_carea' id='block_1_8' title="bbox 2749 3515 2768 4377">
    <p class='ocr_par' dir='ltr' id='par_1_10' title="bbox 2749 3515 2768 4377">
     <span class='ocr_line' id='line_1_36' title="bbox 2749 3515 2768 4377; baseline 0 0"><span class='ocrx_word' id='word_1_281' title='bbox 2749 3515 2768 4377; x_wconf 95' lang='lat' dir='ltr'> </span> 
     </span>
    </p>
   </div>
  </div>
 </body>
</html>
